@Article{ Cabrera97,
      title = "Variabilidad de la frecuencia card√≠aca en el joven normal",
      author = "A. Cabrera and G. Gallardo",   
      journal = "Rev Cubana Invest Biom|\'ed.",
      pages =  "98--103",   
      volume = "16",
      number = "2"
      year =  "1997"
}

@Article{ Malik89,
	title = "{Prognostic value of heart rate variability after myocardial infarction. A comparison of different data-processing methods}",
	author = "M. Malik and T. Cripps and T. Farrell and A.J. Camm",
	journal = "MBEC",
	pages = "603--11",
	volume = "27",
	number = "6",
	year = "1989"
}
@Article{ Huikuri00,
	Author = "Heikki V. Huikuri and Timo Makikallio and C.K. Peng and Ary L. Goldberger and Ulrik Hintze and Mogens Moller",
	Title = "Fractal correlation properties of {RR} interval dynamics and mortality in patients with depressed left ventricular function after an acute myocardial infarction",
	Journal = "Circulation",
	Volume = "101",
	Pages = "47--53",
	Year = "2000"
}
@Article{ pincus91,
	Author = "Steven M. Pincus",
	Title = "Approximate entropy as a measure of system complexity",
	Journal = "Proc. Natl. Acad. Sci.",
	Volume = "88",
	Pages = "2297--301",
	Year = "1991"
}
@Article{ peng95,
	title = "{Quantification of scaling exponents and crossover phenomena in nonstationary heartbeat time series}",
	author = "C.K. Peng and S. Havlin and H.E. Stanley and A.L. Goldberger",
	journal = "Chaos",
	volume = "5",
	number = "1",
	pages = "82--7",
	year = "1995"
}

@Article{ richman00,
	title = "{Physiological time-series analysis using approximate entropy and sample entropy}",
	author = "J.S. Richman and J.R. Moorman",
	journal = "Am J Physiol- Heart Cir Physiol",
	volume = "278",
	number = "6",
	pages = "2039--49",
	year = "2000",
	publisher = "Am Physiological Soc"
}

@Article{ stein95,
	title = "{Stability of index of heart rate variability in patients with congestive heart failure}",
	author = "P.K. Stein and M.W. Rich and J.N. Rottman and R.E. Kleiger",
	journal = "Am Heart J",
	volume = "129",
	number = "5",
	pages = "975--81",
	year = "1995",
	}
@Article{ shrout79,
	title = "{Intraclass correlations: uses in assessing rater reliability}",
	author = "P.E. Shrout and J.L. Fleiss",
	journal = "Physiological Bulletin",
	volume = "86",
	number = "23",
	pages = "420--8",
	year = "1979",
	}
@Article{ maestri07,
	title = "{Assessing nonlinear properties of heart rate variability from short-term recordings: are these measurements reliable?}",
	author = "R. Maestri and G.D Pinna and A. Porta and R. Balocchi and R. Sassi and M.G. Signorini and M. Dudziak and G. Raczak",
	journal = "Physiological Measurement",
	volume = "28",
	number = "9",
	pages = "1067--77",
	year = "2007",
	}
@Article{ goldberger91,
	title = "Is the normal heartbeat chaotic or homeostatic?",
	author = "A L Goldberger",
	journal = "News Physiol Sci",
	pages = "87--91",
	volume = "6",
	year = "1991"
}
@Article{ mandelbrot68,
	title = "Fractional Brownian motions,fractional noises and applications",
	author = "B B Mandelbrot and JW Van Ness",
	journal = "NSIAM Review",
	pages = "422--37",
	volume = "10",
	number = "4",
	year = "1968"
}

@Article{ Kantelhardt02,
	title = "Multifractal detrended fluctuations analysis of nonstationary time series",
	author = "J W Kantelhardt and S A Zschiegner and E Koscielny-Bunde and S Havlin ans A Bunde and H E Stanley",
	journal = "Physica",
	pages = "87--114",
	volume = "316",
	year = "2002"
}

@Article{ Goldberger02,
	title = "What is physiologic complexity and how does it change with aging and disease?",
	author = "Ary L. Goldberger and C.-K. Peng and  Lewis A. Lipsitz",
	journal = "Neurobiology of aging",
	pages = "23--26",
	volume = "23",
	year = "2002"
}


@Article{ Aubert03,
	title = "Heart rate variability in athletes",
	author = "A. E. Aubert and B. Seps and F. Beckers",
	journal = "Sports and Medicine",
	pages = "889--919",
	volume = "33",
	number = "12",
	year = "2003"
}